@incollection{dantl,
       author = {Dantl, Georg},
       year = {1989},
       title = {Vom Schullehrling zum Schulmeister – Geschichte der Lehrerbildung im 19. Jahrhundert},
       booktitle = {Oberpfälzer Raritäten},
       publisher = {Verlag der Buchhandlung Taubald},
       address = {Weiden},
       volume = {Band 5}
     }

@book{gaertner,
       author = {Gärtner, Helmut},
       edition = {2. Auflage},
       year = {1995},
       title = {Deggendorfer Originale – Originelles Deggendorf},
       publisher = {Morsak Verlag},
       address = {Grafenau}
     }

@book{geyer,
       author = {Geyer, Otto},
       editor = {Otto Glaser},
       edition = {Niederbayerischer Bezirkslehrerverein im BLLV},
       year = {1964},
       title = {Schule und Lehrer in Niederbayern},
       publisher = {Neue-Presse-Verlag-GmbH},
       address = {Passau},
       pagestotal = {235}
     }

@book{goller,
       author = {Goller, Martina},
       year = {April 1988},
       title = {Die Musik in der Lehrerbildung Niederbayerns und ihre Ausstrahlung am Beispiel niederbayerischer Lehrerkomponisten dargestellt an der Präparandenschule Deggendorf und am Lehrerbildungsseminar Straubing},
       mainsubtitle = {Zulassungsarbeit zur ersten Staatsprüfung für das Lehramt an Hauptschulen in Bayern eingereicht bei Prof. Dr. Eckard Nolte im Fach Musikpädagogik},
     }

@book{feuerwehr,
       author = {Högn, August},
       year = {1951},
       title = {Geschichte und Chronik der freiwilligen Feuerwehr Ruhmannsfelden},
       address = {Ruhmannsfelden}
     }

@book{ruhmannsfelden,
       author = {Högn, August},
       year = {1949},
       title = {Geschichte von Ruhmannsfelden},
       publisher = {Michael Laßleben},
       address = {Kallmünz}
     }

@book{zachenberg,
       author = {Högn, August},
       year = {1954},
       title = {Heimat-Geschichte der Gemeinde Zachenberg},
       address = {Ruhmannsfelden}
     }

@incollection{lippert,
       author={Lippert, Heinrich.},
       year={1996},
       title={Die Präparandenschule Deggendorf (1866-1924) – Zur Geschichte einer niederbayerischen Lehrerbildungsanstalt},
       booktitle={Deggendorfer Geschichtsblätter 17},
       pages={153–192},
       addess={Deggendorf}
     }

@book{proft,
       author = {Proft, Hans},
       year = {2004},
       title = {„Immer froh und heiter bleibt der Kutschenreuter“ – Leben und Werk des niederbayerischen Komponisten Erhard Kutschenreuter},
       publisher = {Verlag Karl Stutz},
       address = {Passau}
     }

@book{stengel,
       author = {Stengel, Georg Josef},
       year = {1925},
       title = {Geschichte der Lehrerbildungsanstalt Straubing von 1824-1924},
       publisher = {Manz},
       address = {Straubing}
     }
